<?xml version="1.0" encoding="UTF-8"?><record xmlns="http://www.loc.gov/MARC21/slim" xmlns:cinclude="http://apache.org/cocoon/include/1.0" xmlns:zs="http://www.loc.gov/zing/srw/">
  <leader>00684cz  a2200181n  4500</leader>
  <controlfield tag="001">no2010169584</controlfield>
  <controlfield tag="003">DLC</controlfield>
  <controlfield tag="005">20160429075547.0</controlfield>
  <controlfield tag="008">101019n| azannaabn          |n ana     c</controlfield>
  <datafield tag="010" ind1=" " ind2=" ">
    <subfield code="a">no2010169584</subfield>
  </datafield>
  <datafield tag="035" ind1=" " ind2=" ">
    <subfield code="a">(OCoLC)oca08660306</subfield>
  </datafield>
  <datafield tag="040" ind1=" " ind2=" ">
    <subfield code="a">IeDuTC</subfield>
    <subfield code="b">eng</subfield>
    <subfield code="e">rda</subfield>
    <subfield code="c">IeDuTC</subfield>
    <subfield code="d">CMalG</subfield>
  </datafield>
  <datafield tag="046" ind1=" " ind2=" ">
    <subfield code="s">1992</subfield>
    <subfield code="2">edtf</subfield>
  </datafield>
  <datafield tag="110" ind1="2" ind2=" ">
    <subfield code="a">Dublin Civic Trust</subfield>
  </datafield>
  <datafield tag="370" ind1=" " ind2=" ">
    <subfield code="e">Dublin (Ireland)</subfield>
    <subfield code="2">naf</subfield>
  </datafield>
  <datafield tag="372" ind1=" " ind2=" ">
    <subfield code="a">Historic preservation</subfield>
    <subfield code="2">lcsh</subfield>
  </datafield>
  <datafield tag="670" ind1=" " ind2=" ">
    <subfield code="a">Dawson Street, Molesworth Street &amp; Kildare Street, 2008 :</subfield>
    <subfield code="b">t.p. (Dublin Civic Trust)</subfield>
  </datafield>
  <datafield tag="670" ind1=" " ind2=" ">
    <subfield code="a">Dublin Civic Trust WWW site, viewed April 27, 2016:</subfield>
    <subfield code="b">about page (charitable trust established in 1992 to protect and recognize the city's architectural heritage)</subfield>
  </datafield>
</record>